{"company": "CCOEY", "groupings": {}, "statement": {"year": ["ttm", "3/31/2021", "3/31/2020", "3/31/2019", "3/31/2018", "3/31/2017", "3/31/2016", "3/31/2015", "3/31/2014", "3/31/2013", "3/31/2012", "3/31/2011", "3/31/2010", "3/31/2009", "3/31/2008", "3/31/2007", "3/31/2006", "3/31/2005"], "year_adjusted": ["2021", "2020", "2019", "2018", "2017", "2016", "2015", "2014", "2013", "2012", "2011", "2010", "2009", "2008", "2007", "2006", "2005", "2004"], "total_revenue": [123244000.0, 95308000.0, 81591000.0, 100031000.0, 94515000.0, 87170000.0, 77021000.0, 64364000.0, 102300000.0, 94006000.0, 82077000.0, 97716000.0, 67059000.0, 91969000.0, 83154000.0, 74429000.0, 70253000.0, 66384000.0], "cost_of_revenue": [56365000.0, 42567000.0, 40643000.0, 62809000.0, 59895000.0, 56438000.0, 47175000.0, 38379000.0, 72251000.0, 61911000.0, 49609000.0, 60411000.0, 42339000.0, 55052000.0, 50560000.0, 48046000.0, 47937000.0, 43640000.0], "gross_profit": [66880000.0, 52741000.0, 40947000.0, 37222000.0, 34619000.0, 30731000.0, 29846000.0, 25985000.0, 30049000.0, 32094000.0, 32469000.0, 37304000.0, 24720000.0, 36917000.0, 32594000.0, 26382000.0, 22315000.0, 22744000.0], "operating_expense": [21222000.0, 18145000.0, 18119000.0, 19078000.0, 18582000.0, 17080000.0, 17816000.0, 15403000.0, 19749000.0, 21942000.0, 20150000.0, 23009000.0, 19133000.0, 22299000.0, 19473000.0, 16779000.0, 15735000.0, 14991000.0], "operating_income": [45658000.0, 34596000.0, 22828000.0, 18144000.0, 16037000.0, 13651000.0, 12030000.0, 10582000.0, 10300000.0, 10152000.0, 12318000.0, 14296000.0, 5587000.0, 14618000.0, 13121000.0, 9604000.0, 6581000.0, 7753000.0], "net_non_operating_interest_income_expense": [-31000.0, -7000.0, 197000.0, 91000.0, -45000.0, -94000.0, -24000.0, 13000.0, 1000.0, -15000.0, -30000.0, -21000.0, 246000.0, 816000.0, 1068000.0, 810000.0, 336000.0, -49000.0], "pretax_income": [46982000.0, 34828000.0, 22890000.0, 17770000.0, 15149000.0, 12489000.0, 11150000.0, 10701000.0, 5315000.0, 3719000.0, 11425000.0, 10807000.0, 1124000.0, 12448000.0, 11962000.0, 9986000.0, 6912000.0, 7006000.0], "tax_provision": [12832000.0, 9905000.0, 6941000.0, 5218000.0, 4212000.0, 3610000.0, 3405000.0, 4084000.0, 1870000.0, 746000.0, 4701000.0, 3056000.0, -1043000.0, 4384000.0, 4171000.0, 4143000.0, -30000.0, 3383000.0], "net_income_common_stockholders": [34149000.0, 24923000.0, 15949000.0, 12551000.0, 10937000.0, 8879000.0, 7745000.0, 6616000.0, 3444000.0, 2973000.0, 6723000.0, 7750000.0, 2167000.0, 8063000.0, 7807000.0, 5852000.0, 6941000.0, 3622000.0], "diluted_ni_available_to_com_stockholders": [34149000.0, 24923000.0, 15949000.0, 12551000.0, 10937000.0, 8879000.0, 7745000.0, 6616000.0, 3444000.0, 2973000.0, 6723000.0, 7750000.0, 2167000.0, 8063000.0, 7807000.0, 5852000.0, 6941000.0, 3622000.0], "basic_average_shares": [0.0, 427000.0, 427004.0, 434864.0, 437964.0, 442984.0, 449824.0, 449848.0, 902032.0, 921344.0, 926608.0, 945376.0, 971312.0, 987753.0, 974391.0, 870912.0, 879472.0, 899488.0], "diluted_average_shares": [0.0, 427000.0, 427004.0, 434864.0, 437964.0, 442984.0, 449824.0, 449848.0, 902032.0, 921344.0, 926608.0, 945376.0, 972840.0, 987753.0, 974391.0, 1104021.0, 879472.0, 1152586.0], "total_operating_income_as_reported": [45657000.0, 34596000.0, 22827000.0, 18144000.0, 16037000.0, 13650000.0, 12029000.0, 10582000.0, 10299000.0, 10151000.0, 12318000.0, 14295000.0, 5587000.0, 14618000.0, 13121000.0, 9602000.0, 6580000.0, 7752000.0], "total_expenses": [77587000.0, 60712000.0, 58762000.0, 81887000.0, 78477000.0, 73518000.0, 64991000.0, 53782000.0, 92000000.0, 83853000.0, 69759000.0, 83420000.0, 61472000.0, 77351000.0, 70033000.0, 64825000.0, 63672000.0, 58631000.0], "net_income_from_continuing_and_discontinued_operation": [34149000.0, 24923000.0, 15949000.0, 12551000.0, 10937000.0, 8879000.0, 7745000.0, 6616000.0, 3444000.0, 2973000.0, 6723000.0, 7750000.0, 2167000.0, 8063000.0, 7807000.0, 5852000.0, 6941000.0, 3622000.0], "normalized_income": [33606025.0, 24934456.0, 15994987.0, 12849638.0, 11012088.0, 8949389.0, 7881915.0, 6708082.0, 7092240.0, 8744177.0, 7015785.0, 9221736.0, 5251200.0, 8943380.0, 8006302.0, 6281800.0, 7003400.0, 3856600.0], "interest_income": [30000.0, 65000.0, 271000.0, 171000.0, 58000.0, 47000.0, 95000.0, 98000.0, 97000.0, 92000.0, 85000.0, 122000.0, 411000.0, 902000.0, 1139000.0, 882000.0, 507000.0, 216000.0], "interest_expense": [61000.0, 72000.0, 74000.0, 80000.0, 103000.0, 141000.0, 119000.0, 85000.0, 96000.0, 107000.0, 115000.0, 143000.0, 165000.0, 86000.0, 71000.0, 72000.0, 171000.0, 265000.0], "net_interest_income": [-31000.0, -7000.0, 197000.0, 91000.0, -45000.0, -94000.0, -24000.0, 13000.0, 1000.0, -15000.0, -30000.0, -21000.0, 246000.0, 816000.0, 1068000.0, 810000.0, 336000.0, -49000.0], "ebit": [47043000.0, 34900000.0, 22964000.0, 17850000.0, 15252000.0, 12630000.0, 11269000.0, 10786000.0, 5411000.0, 3826000.0, 11540000.0, 10950000.0, 1289000.0, 12534000.0, 12033000.0, 10058000.0, 7083000.0, 7271000.0], "ebitda": [50218000.0, 0.0, 0.0, 0.0, 0.0, 0.0, 0.0, 0.0, 0.0, 0.0, 0.0, 0.0, 0.0, 0.0, 0.0, 0.0, 0.0, 0.0], "reconciled_cost_of_revenue": [56365000.0, 42567000.0, 40643000.0, 62809000.0, 59895000.0, 56438000.0, 47175000.0, 38379000.0, 72251000.0, 61911000.0, 49609000.0, 60411000.0, 42339000.0, 55052000.0, 50560000.0, 48046000.0, 47937000.0, 43640000.0], "reconciled_depreciation": [3175000.0, 2791000.0, 2795000.0, 3228000.0, 4706000.0, 5980000.0, 5712000.0, 3598000.0, 4769000.0, 3538000.0, 3235000.0, 3554000.0, 3597000.0, 4624000.0, 3393000.0, 2774000.0, 1938000.0, 2103000.0], "net_income_from_continuing_operation_net_minority_interest": [34149000.0, 24923000.0, 15949000.0, 12551000.0, 10937000.0, 8879000.0, 7745000.0, 6616000.0, 3444000.0, 2973000.0, 6723000.0, 7750000.0, 2167000.0, 8063000.0, 7807000.0, 5852000.0, 6941000.0, 3622000.0], "total_unusual_items_excluding_goodwill": [747000.0, -16000.0, -66000.0, -423000.0, -104000.0, -99000.0, -197000.0, -149000.0, -5630000.0, -7223000.0, -393000.0, -2052000.0, -4406000.0, -1359000.0, -306000.0, -614000.0, -104000.0, -391000.0], "total_unusual_items": [747000.0, -16000.0, -66000.0, -423000.0, -104000.0, -99000.0, -197000.0, -149000.0, -5630000.0, -7223000.0, -393000.0, -2052000.0, -4406000.0, -1359000.0, -306000.0, -614000.0, -104000.0, -391000.0], "normalized_ebitda": [49471000.0, 37707000.0, 25825000.0, 21501000.0, 20062000.0, 18709000.0, 17178000.0, 14533000.0, 15810000.0, 14587000.0, 15168000.0, 16556000.0, 9292000.0, 18517000.0, 15732000.0, 13446000.0, 9125000.0, 9765000.0], "tax_effect_of_unusual_items": [204025.0, -4544.0, -20013.0, -124362.0, -28912.0, -28611.0, -60085.0, -56918.0, -1981760.0, -1451823.0, -100215.0, -580264.0, -1321800.0, -478620.0, -106698.0, -184200.0, -41600.0, -156400.0], "operating_revenue": [123244000.0, 95308000.0, 81591000.0, 100031000.0, 94515000.0, 87170000.0, 77021000.0, 64364000.0, 102300000.0, 94006000.0, 82077000.0, 97716000.0, 67059000.0, 91969000.0, 83154000.0, 74429000.0, 70253000.0, 66384000.0], "interest_income_non_operating": [30000.0, 65000.0, 271000.0, 171000.0, 58000.0, 47000.0, 95000.0, 98000.0, 97000.0, 92000.0, 85000.0, 122000.0, 411000.0, 902000.0, 1139000.0, 882000.0, 507000.0, 216000.0], "interest_expense_non_operating": [61000.0, 72000.0, 74000.0, 80000.0, 103000.0, 141000.0, 119000.0, 85000.0, 96000.0, 107000.0, 115000.0, 143000.0, 165000.0, 86000.0, 71000.0, 72000.0, 171000.0, 265000.0], "net_income": [34149000.0, 24923000.0, 15949000.0, 12551000.0, 10937000.0, 8879000.0, 7745000.0, 6616000.0, 3444000.0, 2973000.0, 6723000.0, 7750000.0, 2167000.0, 8063000.0, 7807000.0, 5852000.0, 6941000.0, 3622000.0], "otherunder_preferred_stock_dividend": [0.0, 0.0, 0.0, 0.0, 0.0, 0.0, 0.0, 0.0, 0.0, 0.0, 0.0, 0.0, 0.0, 0.0, 0.0, 0.0, 0.0, 0.0]}, "currency": "JPY"}