{"company": "NCBDF", "groupings": {}, "statement": {"year": ["ttm", "3/31/2021", "3/31/2020", "3/31/2019", "3/31/2018", "3/31/2017", "3/31/2016", "3/31/2015", "3/31/2014", "3/31/2013", "3/31/2012", "3/31/2011", "3/31/2010", "3/31/2009", "3/31/2008", "3/31/2007", "3/31/2006"], "year_adjusted": ["2021", "2020", "2019", "2018", "2017", "2016", "2015", "2014", "2013", "2012", "2011", "2010", "2009", "2008", "2007", "2006", "2005"], "total_revenue": [797427000.0, 740903000.0, 723989000.0, 732347000.0, 678312000.0, 620061000.0, 575504000.0, 565486000.0, 507679000.0, 487241000.0, 454210000.0, 394178000.0, 378547000.0, 426399000.0, 460473000.0, 459132000.0, 450829000.0], "cost_of_revenue": [485371000.0, 458897000.0, 463041000.0, 469791000.0, 436730000.0, 396302000.0, 372904000.0, 352373000.0, 316850000.0, 304162000.0, 286708000.0, 254763000.0, 249793000.0, 280376000.0, 296400000.0, 291052000.0, 294263000.0], "gross_profit": [312056000.0, 282006000.0, 260948000.0, 262555000.0, 241581000.0, 223759000.0, 202600000.0, 213112000.0, 190829000.0, 183078000.0, 167502000.0, 139414000.0, 128753000.0, 146023000.0, 164072000.0, 168079000.0, 156565000.0], "operating_expense": [211582000.0, 197352000.0, 182172000.0, 178510000.0, 166557000.0, 160520000.0, 152959000.0, 156791000.0, 146156000.0, 134435000.0, 132896000.0, 123076000.0, 126869000.0, 123674000.0, 130661000.0, 125855000.0, 120896000.0], "operating_income": [100474000.0, 84654000.0, 78776000.0, 84045000.0, 75024000.0, 63239000.0, 49641000.0, 56321000.0, 44673000.0, 48643000.0, 34606000.0, 16339000.0, 1885000.0, 22349000.0, 33412000.0, 42225000.0, 35670000.0], "net_non_operating_interest_income_expense": [-15000.0, 82000.0, 568000.0, 500000.0, 232000.0, 282000.0, 167000.0, 612000.0, 97000.0, 52000.0, 77000.0, 28000.0, -7000.0, 1461000.0, 2140000.0, 1211000.0, 528000.0], "pretax_income": [91717000.0, 71940000.0, 78753000.0, 86838000.0, 72497000.0, 60860000.0, 48489000.0, 56484000.0, 42759000.0, 48489000.0, 30408000.0, 11460000.0, -19294000.0, 21125000.0, 45964000.0, 43713000.0, 35569000.0], "tax_provision": [34978000.0, 23074000.0, 20845000.0, 24205000.0, 18609000.0, 16662000.0, 13932000.0, 18655000.0, 17872000.0, 16038000.0, 10949000.0, 9471000.0, 10498000.0, 9059000.0, 12633000.0, 17569000.0, 19281000.0], "net_income_common_stockholders": [56706000.0, 48894000.0, 57665000.0, 63383000.0, 54109000.0, 44159000.0, 34583000.0, 37588000.0, 25054000.0, 32383000.0, 19303000.0, 1848000.0, -29928000.0, 11830000.0, 32679000.0, 24252000.0, 14149000.0], "diluted_ni_available_to_com_stockholders": [56706000.0, 48894000.0, 57665000.0, 63383000.0, 54109000.0, 44159000.0, 34583000.0, 37588000.0, 25054000.0, 32383000.0, 19303000.0, 1848000.0, -29928000.0, 11830000.0, 32679000.0, 24252000.0, 14149000.0], "basic_average_shares": [0.0, 219670.0, 219771.0, 219781.0, 219699.0, 219672.0, 219679.0, 219686.0, 219689.0, 219691.0, 225465.0, 239810.0, 241402.0, 246743.0, 254025.0, 253338.0, 98868.0], "diluted_average_shares": [0.0, 219670.0, 219771.0, 219781.0, 219750.0, 219729.0, 219728.0, 219710.0, 219714.0, 219691.0, 225465.0, 239810.0, 241402.0, 247076.0, 254371.0, 253496.0, 98868.0], "total_operating_income_as_reported": [100475000.0, 84654000.0, 78775000.0, 84045000.0, 75024000.0, 63238000.0, 49641000.0, 56320000.0, 44672000.0, 48642000.0, 34606000.0, 16338000.0, 1883000.0, 22348000.0, 33411000.0, 42224000.0, 35669000.0], "total_expenses": [696953000.0, 656249000.0, 645213000.0, 648301000.0, 603287000.0, 556822000.0, 525863000.0, 509164000.0, 463006000.0, 438597000.0, 419604000.0, 377839000.0, 376662000.0, 404050000.0, 427061000.0, 416907000.0, 415159000.0], "net_income_from_continuing_and_discontinued_operation": [56706000.0, 48894000.0, 57665000.0, 63383000.0, 54109000.0, 44159000.0, 34583000.0, 37588000.0, 25054000.0, 32383000.0, 19303000.0, 1848000.0, -29928000.0, 11830000.0, 32679000.0, 24252000.0, 14149000.0], "normalized_income": [64631285.0, 59534609.0, 58432340.0, 62858112.0, 57558749.0, 46407422.0, 36960855.0, 39684430.0, 28524530.0, 33410668.0, 22214683.0, 5303900.0, -15087300.0, 14200200.0, 25663131.0, 29023200.0, 15079000.0], "interest_income": [0.0, 311000.0, 692000.0, 536000.0, 269000.0, 318000.0, 216000.0, 685000.0, 221000.0, 193000.0, 214000.0, 170000.0, 371000.0, 1707000.0, 2342000.0, 1448000.0, 820000.0], "interest_expense": [326000.0, 229000.0, 124000.0, 36000.0, 37000.0, 36000.0, 49000.0, 73000.0, 124000.0, 141000.0, 137000.0, 142000.0, 378000.0, 246000.0, 202000.0, 237000.0, 292000.0], "net_interest_income": [-15000.0, 82000.0, 568000.0, 500000.0, 232000.0, 282000.0, 167000.0, 612000.0, 97000.0, 52000.0, 77000.0, 28000.0, -7000.0, 1461000.0, 2140000.0, 1211000.0, 528000.0], "ebit": [92043000.0, 72169000.0, 78877000.0, 86874000.0, 72534000.0, 60896000.0, 48538000.0, 56557000.0, 42883000.0, 48630000.0, 30545000.0, 11602000.0, -18916000.0, 21371000.0, 46166000.0, 43950000.0, 35861000.0], "ebitda": [120758000.0, 0.0, 0.0, 0.0, 0.0, 0.0, 0.0, 0.0, 0.0, 0.0, 0.0, 0.0, 0.0, 0.0, 0.0, 0.0, 0.0], "reconciled_cost_of_revenue": [485371000.0, 458897000.0, 463041000.0, 469791000.0, 436730000.0, 396302000.0, 372904000.0, 352373000.0, 316850000.0, 304162000.0, 286708000.0, 254763000.0, 249793000.0, 280376000.0, 296400000.0, 291052000.0, 294263000.0], "reconciled_depreciation": [28715000.0, 26993000.0, 23906000.0, 21547000.0, 23735000.0, 22595000.0, 21793000.0, 23870000.0, 21845000.0, 20704000.0, 18511000.0, 20106000.0, 23832000.0, 26625000.0, 27628000.0, 23599000.0, 19897000.0], "net_income_from_continuing_operation_net_minority_interest": [56706000.0, 48894000.0, 57665000.0, 63383000.0, 54109000.0, 44159000.0, 34583000.0, 37588000.0, 25054000.0, 32383000.0, 19303000.0, 1848000.0, -29928000.0, 11830000.0, 32679000.0, 24252000.0, 14149000.0], "total_unusual_items_excluding_goodwill": [-12811000.0, -15671000.0, -1044000.0, 728000.0, -4643000.0, -3097000.0, -3335000.0, -3129000.0, -4794000.0, -1572000.0, -4550000.0, -4937000.0, -21201000.0, -3386000.0, 9675000.0, -6816000.0, -1550000.0], "total_unusual_items": [-12811000.0, -15671000.0, -1044000.0, 728000.0, -4643000.0, -3097000.0, -3335000.0, -3129000.0, -4895000.0, -1596000.0, -4550000.0, -4937000.0, -21201000.0, -3386000.0, 9675000.0, -6816000.0, -1550000.0], "normalized_ebitda": [133569000.0, 114833000.0, 103827000.0, 107693000.0, 100912000.0, 86588000.0, 73666000.0, 83556000.0, 69623000.0, 70930000.0, 53606000.0, 36645000.0, 26117000.0, 51382000.0, 64119000.0, 74365000.0, 57308000.0], "tax_effect_of_unusual_items": [-4885715.0, -5030391.0, -276660.0, 203112.0, -1193251.0, -848578.0, -957145.0, -1032570.0, -1222470.0, -520332.0, -1638317.0, -1481100.0, -6360300.0, -1015800.0, 2659131.0, -2044800.0, -620000.0], "operating_revenue": [797427000.0, 740903000.0, 723989000.0, 732347000.0, 678312000.0, 620061000.0, 575504000.0, 565486000.0, 507679000.0, 487241000.0, 454210000.0, 394178000.0, 378547000.0, 426399000.0, 460473000.0, 459132000.0, 450829000.0], "interest_income_non_operating": [0.0, 311000.0, 692000.0, 536000.0, 269000.0, 318000.0, 216000.0, 685000.0, 221000.0, 193000.0, 214000.0, 170000.0, 371000.0, 1707000.0, 2342000.0, 1448000.0, 820000.0], "interest_expense_non_operating": [326000.0, 229000.0, 124000.0, 36000.0, 37000.0, 36000.0, 49000.0, 73000.0, 124000.0, 141000.0, 137000.0, 142000.0, 378000.0, 246000.0, 202000.0, 237000.0, 292000.0], "net_income": [56706000.0, 48894000.0, 57665000.0, 63383000.0, 54109000.0, 44159000.0, 34583000.0, 37588000.0, 25054000.0, 32383000.0, 19303000.0, 1848000.0, -29928000.0, 11830000.0, 32679000.0, 24252000.0, 14149000.0], "otherunder_preferred_stock_dividend": [0.0, 0.0, 0.0, 0.0, 0.0, 0.0, 0.0, 0.0, 0.0, 0.0, 0.0, 0.0, 0.0, 0.0, 0.0, 0.0, 0.0]}, "currency": "JPY"}