{"company": "NTDOY", "groupings": {}, "statement": {"year": ["ttm", "3/31/2021", "3/31/2020", "3/31/2019", "3/31/2018", "3/31/2017", "3/31/2016", "3/31/2015", "3/31/2014", "3/31/2013", "3/31/2012", "3/31/2011", "3/31/2010", "3/31/2009", "3/31/2008", "3/31/2007", "3/31/2006", "3/31/2005", "3/31/2004", "3/31/2003", "3/31/2002", "3/31/2001"], "year_adjusted": ["2021", "2020", "2019", "2018", "2017", "2016", "2015", "2014", "2013", "2012", "2011", "2010", "2009", "2008", "2007", "2006", "2005", "2004", "2003", "2002", "2001", "2000"], "total_revenue": [1613658000.0, 1758910000.0, 1308519000.0, 1200560000.0, 1055682000.0, 489095000.0, 504459000.0, 549780000.0, 571726000.0, 635422000.0, 647652000.0, 1014345000.0, 1434365000.0, 1838622000.0, 1672423000.0, 966534000.0, 509249000.0, 514988000.0, 514805000.0, 503748000.0, 554413000.0, 462196000.0], "cost_of_revenue": [704527000.0, 788437000.0, 666817000.0, 699370000.0, 652141000.0, 290197000.0, 283494000.0, 335196000.0, 408506000.0, 495068000.0, 493997000.0, 626380000.0, 859131000.0, 1044981000.0, 972363000.0, 568722000.0, 294133000.0, 297612000.0, 307233000.0, 308124000.0, 334187000.0, 278090000.0], "gross_profit": [909131000.0, 970472000.0, 641701000.0, 501189000.0, 403540000.0, 198898000.0, 220965000.0, 214584000.0, 163219000.0, 140354000.0, 153654000.0, 387965000.0, 575234000.0, 793641000.0, 700060000.0, 397812000.0, 215116000.0, 217376000.0, 207572000.0, 195624000.0, 220226000.0, 184106000.0], "operating_expense": [339961000.0, 329838000.0, 289331000.0, 251488000.0, 225983000.0, 169535000.0, 188083000.0, 189814000.0, 209645000.0, 176764000.0, 190975000.0, 216889000.0, 218666000.0, 184426000.0, 212840000.0, 171788000.0, 124767000.0, 103918000.0, 99889000.0, 95372000.0, 100619000.0, 99190000.0], "operating_income": [569170000.0, 640634000.0, 352370000.0, 249701000.0, 177557000.0, 29363000.0, 32882000.0, 24770000.0, -46426000.0, -36410000.0, -37320000.0, 171076000.0, 356568000.0, 609215000.0, 487220000.0, 226024000.0, 90349000.0, 113458000.0, 107683000.0, 100252000.0, 119607000.0, 84916000.0], "net_non_operating_interest_income_expense": [3073000.0, 5546000.0, 15203000.0, 13131000.0, 9064000.0, 6237000.0, 4693000.0, 4018000.0, 5279000.0, 5523000.0, 7721000.0, 6870000.0, 8512000.0, 30180000.0, 44158000.0, 33987000.0, 0.0, 0.0, 0.0, 0.0, 0.0, 0.0], "pretax_income": [620913000.0, 681305000.0, 361273000.0, 271772000.0, 201090000.0, 114730000.0, 27715000.0, 72091000.0, 10929000.0, 10197000.0, -60877000.0, 127934000.0, 367442000.0, 448132000.0, 433775000.0, 289601000.0, 166470000.0, 145403000.0, 52965000.0, 113316000.0, 183023000.0, 168652000.0], "tax_provision": [181808000.0, 200884000.0, 102589000.0, 77204000.0, 60144000.0, 12147000.0, 11197000.0, 30228000.0, 34132000.0, 3029000.0, -17659000.0, 50261000.0, 138896000.0, 169134000.0, 176532000.0, 115347000.0, 68139000.0, 57962000.0, 19691000.0, 45974000.0, 76797000.0, 72352000.0], "net_income_common_stockholders": [439087000.0, 480376000.0, 258641000.0, 194009000.0, 139590000.0, 102574000.0, 16505000.0, 41843000.0, -23222000.0, 7099000.0, -43204000.0, 77621000.0, 228635000.0, 279089000.0, 257342000.0, 174290000.0, 98378000.0, 87416000.0, 33194000.0, 67267000.0, 106445000.0, 96603000.0], "diluted_ni_available_to_com_stockholders": [439087000.0, 480376000.0, 258641000.0, 194009000.0, 139590000.0, 102574000.0, 16505000.0, 41843000.0, -23222000.0, 7099000.0, -43204000.0, 77621000.0, 228635000.0, 279089000.0, 257342000.0, 174290000.0, 98378000.0, 87416000.0, 33194000.0, 67267000.0, 106445000.0, 96603000.0], "basic_average_shares": [0.0, 952984.0, 952992.0, 960728.0, 960784.0, 961024.0, 961000.0, 946984.0, 1011968.0, 1023016.0, 1023024.0, 1023045.0, 1023064.0, 1023088.0, 1023160.0, 1023264.0, 1032461.0, 1054857.0, 1075414.0, 1116117.0, 1133313.0, 1133339.0], "diluted_average_shares": [0.0, 952984.0, 952992.0, 960728.0, 960784.0, 961024.0, 961000.0, 946984.0, 1011968.0, 1023016.0, 1023024.0, 1023045.0, 1023064.0, 1023088.0, 1023160.0, 1023264.0, 1032461.0, 1054857.0, 1075414.0, 1116117.0, 1133313.0, 1133339.0], "total_operating_income_as_reported": [569169000.0, 640634000.0, 352370000.0, 249701000.0, 177557000.0, 29362000.0, 32881000.0, 24770000.0, -46425000.0, -36410000.0, 0.0, 0.0, 0.0, 0.0, 0.0, 0.0, 0.0, 0.0, 0.0, 0.0, 0.0, 0.0], "total_expenses": [1044488000.0, 1118275000.0, 956148000.0, 950858000.0, 878124000.0, 459732000.0, 471577000.0, 525010000.0, 618151000.0, 671832000.0, 684972000.0, 843269000.0, 1077797000.0, 1229407000.0, 1185203000.0, 740510000.0, 418900000.0, 401530000.0, 407122000.0, 403496000.0, 434806000.0, 377280000.0], "net_income_from_continuing_and_discontinued_operation": [439087000.0, 480376000.0, 258641000.0, 194009000.0, 139590000.0, 102574000.0, 16505000.0, 41843000.0, -23222000.0, 7099000.0, -43204000.0, 77621000.0, 228635000.0, 279089000.0, 257342000.0, 174290000.0, 98378000.0, 87416000.0, 30369000.0, 67267000.0, 106445000.0, 96603000.0], "normalized_income": [437591995.0, 479462128.0, 258060324.0, 198320036.0, 138931145.0, 46996702.0, 12625530.0, 37295096.0, -26830035.0, 7878627.0, -43194061.0, 77722391.0, 228022338.0, 313028946.0, 262264400.0, 155265332.0, 125979200.0, 76330346.0, 72172427.0, 68994400.0, 82138400.0, 69841800.0], "interest_income": [3321000.0, 5723000.0, 15203000.0, 13131000.0, 9064000.0, 6237000.0, 4693000.0, 4018000.0, 5279000.0, 5523000.0, 7721000.0, 6870000.0, 8512000.0, 30181000.0, 44158000.0, 33987000.0, 0.0, 0.0, 0.0, 0.0, 0.0, 0.0], "interest_expense": [248000.0, 177000.0, 0.0, 0.0, 0.0, 0.0, 0.0, 0.0, 0.0, 0.0, 0.0, 0.0, 0.0, 1000.0, 0.0, 0.0, 0.0, 0.0, 0.0, 0.0, 0.0, 0.0], "net_interest_income": [3073000.0, 5546000.0, 15203000.0, 13131000.0, 9064000.0, 6237000.0, 4693000.0, 4018000.0, 5279000.0, 5523000.0, 7721000.0, 6870000.0, 8512000.0, 30180000.0, 44158000.0, 33987000.0, 0.0, 0.0, 0.0, 0.0, 0.0, 0.0], "ebit": [621161000.0, 681482000.0, 352370000.0, 249701000.0, 177557000.0, 29363000.0, 32882000.0, 24770000.0, -46426000.0, -36410000.0, -37320000.0, 171076000.0, 356568000.0, 448133000.0, 433775000.0, 226024000.0, 90349000.0, 113458000.0, 107683000.0, 100252000.0, 119607000.0, 84916000.0], "ebitda": [632203000.0, 0.0, 0.0, 0.0, 0.0, 0.0, 0.0, 0.0, 0.0, 0.0, 0.0, 0.0, 0.0, 0.0, 0.0, 0.0, 0.0, 0.0, 0.0, 0.0, 0.0, 0.0], "reconciled_cost_of_revenue": [704527000.0, 788437000.0, 666817000.0, 699370000.0, 652141000.0, 290197000.0, 283494000.0, 335196000.0, 408506000.0, 495068000.0, 493997000.0, 626380000.0, 859131000.0, 1044981000.0, 972363000.0, 568722000.0, 294133000.0, 297612000.0, 307233000.0, 308124000.0, 334187000.0, 278090000.0], "reconciled_depreciation": [11042000.0, 10798000.0, 9557000.0, 9564000.0, 9064000.0, 8366000.0, 9139000.0, 9011000.0, 9918000.0, 12637000.0, 12523000.0, 6794000.0, 7098000.0, 8102000.0, 7363000.0, 5968000.0, 3591000.0, 2931000.0, 3328000.0, 4712000.0, 5639000.0, 4537000.0], "net_income_from_continuing_operation_net_minority_interest": [439087000.0, 480376000.0, 258641000.0, 194009000.0, 139590000.0, 102574000.0, 16505000.0, 41843000.0, -23222000.0, 7099000.0, -43204000.0, 77621000.0, 228635000.0, 279089000.0, 257342000.0, 174290000.0, 98378000.0, 87416000.0, 30369000.0, 67267000.0, 106445000.0, 96603000.0], "total_unusual_items_excluding_goodwill": [2114000.0, 1296000.0, 811000.0, -6021000.0, 940000.0, 62167000.0, 5727000.0, 6794000.0, 4843000.0, -1109000.0, -14000.0, -167000.0, 985000.0, -54515000.0, -7032000.0, 31618000.0, -46002000.0, 18434000.0, -66542000.0, -2879000.0, 40511000.0, 44602000.0], "total_unusual_items": [2114000.0, 1296000.0, 811000.0, -6021000.0, 940000.0, 62167000.0, 5727000.0, 6794000.0, 4843000.0, -1109000.0, -14000.0, -167000.0, 985000.0, -54515000.0, -7032000.0, 31618000.0, -46002000.0, 18434000.0, -66542000.0, -2879000.0, 40511000.0, 44602000.0], "normalized_ebitda": [630089000.0, 690984000.0, 361116000.0, 265286000.0, 185681000.0, -24438000.0, 36294000.0, 26987000.0, -41351000.0, -22664000.0, -24783000.0, 178037000.0, 362681000.0, 510750000.0, 448170000.0, 200374000.0, 139942000.0, 97955000.0, 177553000.0, 107843000.0, 84735000.0, 44851000.0], "tax_effect_of_unusual_items": [618995.0, 382128.0, 230324.0, -1709964.0, 281145.0, 6589702.0, 1847530.0, 2246096.0, 1234965.0, -329373.0, -4061.0, -65609.0, 372338.0, -20575054.0, -2109600.0, 12593332.0, -18400800.0, 7348346.0, -24738573.0, -1151600.0, 16204400.0, 17840800.0], "operating_revenue": [1613658000.0, 1758910000.0, 1308519000.0, 1200560000.0, 1055682000.0, 489095000.0, 504459000.0, 549780000.0, 571726000.0, 635422000.0, 647652000.0, 1014345000.0, 1434365000.0, 1838622000.0, 1672423000.0, 966534000.0, 509249000.0, 514988000.0, 514805000.0, 503748000.0, 554413000.0, 462196000.0], "selling_general_and_administrative": [0.0, 0.0, 0.0, 0.0, 0.0, 0.0, 0.0, 0.0, 0.0, 0.0, 0.0, 0.0, 0.0, 117950000.0, 151586000.0, 171787000.0, 124766000.0, 103918000.0, 99888000.0, 95372000.0, 100619000.0, 99190000.0], "research_and_development": [0.0, 0.0, 0.0, 0.0, 0.0, 0.0, 0.0, 0.0, 0.0, 0.0, 0.0, 0.0, 0.0, 42211000.0, 37000000.0, 0.0, 0.0, 0.0, 0.0, 0.0, 0.0, 0.0], "other_operating_expenses": [0.0, 0.0, 0.0, 0.0, 0.0, 0.0, 0.0, 0.0, 0.0, 0.0, 0.0, 0.0, 218666000.0, 218000.0, 769000.0, 1000.0, 1000.0, 0.0, 1000.0, 0.0, 0.0, 0.0], "interest_income_non_operating": [3321000.0, 5723000.0, 15203000.0, 13131000.0, 9064000.0, 6237000.0, 4693000.0, 4018000.0, 5279000.0, 5523000.0, 7721000.0, 6870000.0, 8512000.0, 30181000.0, 44158000.0, 33987000.0, 0.0, 0.0, 0.0, 0.0, 0.0, 0.0], "interest_expense_non_operating": [248000.0, 177000.0, 0.0, 0.0, 0.0, 0.0, 0.0, 0.0, 0.0, 0.0, 0.0, 0.0, 0.0, 1000.0, 0.0, 0.0, 0.0, 0.0, 0.0, 0.0, 0.0, 0.0], "net_income": [439087000.0, 480376000.0, 258641000.0, 194009000.0, 139590000.0, 102574000.0, 16505000.0, 41843000.0, -23222000.0, 7099000.0, -43204000.0, 77621000.0, 228635000.0, 279089000.0, 257342000.0, 174290000.0, 98378000.0, 87416000.0, 33194000.0, 67267000.0, 106445000.0, 96603000.0], "otherunder_preferred_stock_dividend": [0.0, 0.0, 0.0, 0.0, 0.0, 0.0, 0.0, 0.0, 0.0, 0.0, 0.0, 0.0, 0.0, 0.0, 0.0, 0.0, 0.0, 0.0, 0.0, 0.0, 0.0, 0.0]}}