{"company": "UBSFY", "groupings": {}, "statement": {"year": ["ttm", "3/31/2021", "3/31/2020", "3/31/2019", "3/31/2018", "3/31/2017", "3/31/2016", "3/31/2015", "3/31/2014", "3/31/2013", "3/31/2012", "3/31/2011", "3/31/2010", "3/31/2009", "3/31/2008", "3/31/2007", "3/31/2006", "3/31/2005", "3/31/2004", "3/31/2003", "3/31/2002"], "year_adjusted": ["2021", "2020", "2019", "2018", "2017", "2016", "2015", "2014", "2013", "2012", "2011", "2010", "2009", "2008", "2007", "2006", "2005", "2004", "2003", "2002", "2001"], "total_revenue": [2218100.0, 2223800.0, 1594831.0, 1845522.0, 1731894.0, 1459874.0, 1393997.0, 1463753.0, 1007064.0, 1256164.0, 1061296.0, 1038826.0, 870954.0, 1057926.0, 928307.0, 680348.0, 547070.0, 538048.0, 508444.0, 452.952, 368.961], "cost_of_revenue": [327500.0, 325700.0, 253077.0, 328972.0, 296820.0, 270887.0, 305065.0, 337073.0, 285251.0, 342655.0, 343162.0, 365208.0, 358118.0, 435734.0, 329984.0, 232006.0, 188809.0, 180015.0, 178515.0, 175.637, 151.941], "gross_profit": [1890700.0, 1898100.0, 1341754.0, 1516550.0, 1435074.0, 1188987.0, 1088932.0, 1126680.0, 721813.0, 913509.0, 718134.0, 673618.0, 512836.0, 622192.0, 598323.0, 448342.0, 358261.0, 358033.0, 329929.0, 277.315, 217.02], "operating_expense": [1513200.0, 1498300.0, 1300444.0, 1308334.0, 1174515.0, 988079.0, 932810.0, 965570.0, 797126.0, 821312.0, 672511.0, 754104.0, 584932.0, 508728.0, 466803.0, 413763.0, 359652.0, 318306.0, 329653.0, 240.258, 186.058], "operating_income": [377500.0, 399800.0, 41310.0, 208216.0, 260559.0, 200908.0, 156122.0, 161110.0, -75313.0, 92197.0, 45623.0, -80486.0, -72096.0, 113464.0, 131520.0, 34579.0, -1391.0, 39727.0, 276.0, 37.057, 30.962], "net_non_operating_interest_income_expense": [-48600.0, -43300.0, -15274.0, -18516.0, -14864.0, -10917.0, -8558.0, -445.0, 7111.0, -3937.0, 5870.0, -3679.0, 4750.0, 4840.0, 12426.0, 18047.0, -9110.0, -11672.0, -12082.0, 0.0, 0.0], "pretax_income": [212200.0, 237900.0, -78557.0, 148402.0, 208693.0, 159271.0, 123062.0, 140107.0, -87606.0, 91915.0, 48099.0, -84165.0, -67296.0, 108639.0, 143653.0, 55775.0, 8608.0, 22849.0, -7603.0, 24.517, 20.402], "tax_provision": [128500.0, 132600.0, 45685.0, 48418.0, 69241.0, 51457.0, 29654.0, 53094.0, -22081.0, 27083.0, 10778.0, -32045.0, -23624.0, 39791.0, 48957.0, 15217.0, -3324.0, 2827.0, 1420.0, 7.298, 9.216], "net_income_common_stockholders": [82900.0, 103100.0, -125624.0, 99985.0, 139452.0, 107813.0, 93408.0, 87011.0, -65525.0, 64831.0, 37321.0, -52120.0, -43672.0, 68848.0, 109844.0, 40558.0, 11932.0, 20022.0, -9023.0, 4.854, 7.953], "diluted_ni_available_to_com_stockholders": [82900.0, 103100.0, -125624.0, 99985.0, 139452.0, 107813.0, 93408.0, 87011.0, -65525.0, 64831.0, 37321.0, -52120.0, -43672.0, 68848.0, 109844.0, 40558.0, 11932.0, 20022.0, -9023.0, 4.854, 7.953], "basic_average_shares": [0.0, 594902.0, 560251.0, 536132.0, 551999.0, 549437.0, 540656.0, 537619.0, 508995.0, 474733.0, 466513.0, 472272.0, 470958.0, 466812.0, 458741.0, 424813.0, 380238.0, 355577.0, 355577.0, 351204.0, 3.458], "diluted_average_shares": [0.0, 631434.0, 560251.0, 596651.0, 612220.0, 598385.0, 570991.0, 566489.0, 508995.0, 486580.0, 478474.0, 484803.0, 482661.0, 485794.0, 480165.0, 455013.0, 493938.0, 488522.0, 355577.0, 427946.0, 3.458], "total_operating_income_as_reported": [267200.0, 289400.0, -59496.0, 158985.0, 222317.0, 175814.0, 136788.0, 139393.0, -97940.0, 87904.0, 45623.0, -80486.0, -72096.0, 113464.0, 131520.0, 34579.0, -1391.0, 39727.0, 276.0, 37.057, 30.962], "total_expenses": [1840700.0, 1824000.0, 1553521.0, 1637306.0, 1471335.0, 1258966.0, 1237875.0, 1302643.0, 1082377.0, 1163967.0, 1015673.0, 1119312.0, 943050.0, 944462.0, 796787.0, 645769.0, 548461.0, 498321.0, 508168.0, 415.895, 337.999], "net_income_from_continuing_and_discontinued_operation": [82900.0, 103100.0, -125624.0, 99985.0, 139452.0, 107813.0, 93408.0, 87011.0, -65525.0, 64831.0, 37321.0, -52120.0, -43672.0, 68848.0, 109844.0, 40558.0, 11932.0, 20022.0, -9023.0, 4.854, 7.953], "normalized_income": [164044.0, 294644.0, 47012.0, 172937.0, 192059.0, 147299.0, 127186.0, 121156.0, -35820.0, 66271.0, 39962.0, -52120.0, -43672.0, 68848.0, 95017.0, 40558.0, 11932.0, 20022.0, -9023.0, 4.854, 7.953], "interest_income": [0.0, 1100.0, 4189.0, 2780.0, 1823.0, 1265.0, 989.0, 556.0, 369.0, 403.0, 1820.0, 1458.0, 1426.0, 4840.0, 43521.0, 38201.0, 17369.0, 0.0, 0.0, 0.0, 0.0], "interest_expense": [22200.0, 18400.0, 18121.0, 20920.0, 17732.0, 12081.0, 8429.0, 5322.0, 6154.0, 5032.0, 4347.0, 6546.0, 1972.0, 929.0, 30774.0, 0.0, 0.0, 0.0, 0.0, 0.0, 0.0], "net_interest_income": [-48600.0, -43300.0, -15274.0, -18516.0, -14864.0, -10917.0, -8558.0, -445.0, 7111.0, -3937.0, 5870.0, -3679.0, 4750.0, 4840.0, 12426.0, 18047.0, -9110.0, -11672.0, -12082.0, 0.0, 0.0], "ebit": [234400.0, 256300.0, -60436.0, 169322.0, 226425.0, 171352.0, 131491.0, 145429.0, -81452.0, 96947.0, 52446.0, -77619.0, -65324.0, 109568.0, 174427.0, 34579.0, -1391.0, 39727.0, 276.0, 37.057, 30.962], "ebitda": [870800.0, 0.0, 0.0, 0.0, 0.0, 0.0, 0.0, 0.0, 0.0, 0.0, 0.0, 0.0, 0.0, 0.0, 0.0, 0.0, 0.0, 0.0, 0.0, 0.0, 0.0], "reconciled_cost_of_revenue": [327500.0, 325700.0, 253077.0, 328972.0, 296820.0, 270887.0, 305065.0, 337073.0, 285251.0, 342655.0, 343162.0, 365208.0, 358118.0, 435734.0, 329984.0, 232006.0, 188809.0, 180015.0, 178515.0, 175.637, 151.941], "reconciled_depreciation": [636400.0, 658700.0, 619429.0, 584259.0, 544031.0, 474635.0, 462800.0, 510963.0, 407112.0, 370254.0, 290126.0, 405283.0, 304826.0, 235368.0, 254497.0, 230118.0, 158792.0, 131572.0, 133596.0, 80.082, 61.84], "net_income_from_continuing_operation_net_minority_interest": [82900.0, 103100.0, -125624.0, 99985.0, 139452.0, 107813.0, 93408.0, 87011.0, -65525.0, 64831.0, 37321.0, -52120.0, -43672.0, 68848.0, 95017.0, 40558.0, 11932.0, 20022.0, -9023.0, 4.854, 7.953], "total_unusual_items_excluding_goodwill": [-110400.0, -110400.0, -100806.0, -36281.0, -31031.0, -28094.0, -19334.0, -21717.0, -18261.0, 2934.0, -3404.0, 0.0, 0.0, 0.0, 0.0, 0.0, 0.0, 0.0, 0.0, 0.0, 0.0], "total_unusual_items": [0.0, 0.0, -750.0, 12250.0, 847.0, -7628.0, -231.0, -2563.0, -2214.0, 6546.0, -3404.0, 0.0, 0.0, 0.0, 0.0, 0.0, 0.0, 0.0, 0.0, 0.0, 0.0], "normalized_ebitda": [870800.0, 915000.0, 559743.0, 741331.0, 769609.0, 653615.0, 594522.0, 658955.0, 327874.0, 460655.0, 345976.0, 327664.0, 239502.0, 344936.0, 428924.0, 264697.0, 157401.0, 172602.0, 137662.0, 118.157, 97.677], "tax_effect_of_unusual_items": [-29256.0, -29256.0, -28226.0, -11860.0, -10302.0, -9074.0, -4659.0, -6726.0, -4603.0, 761.9598, -762.7666, 0.0, 0.0, 0.0, 0.0, 0.0, 0.0, 0.0, 0.0, 0.0, 0.0], "operating_revenue": [2218100.0, 2223800.0, 1594831.0, 1845522.0, 1731894.0, 1459874.0, 1393997.0, 1463753.0, 1007064.0, 1256164.0, 1061296.0, 1038826.0, 870954.0, 1057926.0, 928307.0, 680348.0, 547070.0, 538048.0, 508444.0, 452.952, 368.961], "selling_general_and_administrative": [687600.0, 671200.0, 579615.0, 567365.0, 483923.0, 439344.0, 423031.0, 385016.0, 363226.0, 386301.0, 317504.0, 285789.0, 273088.0, 0.0, 0.0, 171038.0, 140674.0, 0.0, 0.0, 99.221, 93.012], "research_and_development": [851400.0, 827100.0, 720829.0, 740969.0, 690592.0, 548735.0, 509779.0, 580554.0, 433900.0, 435011.0, 355007.0, 369585.0, 311424.0, 0.0, 0.0, 0.0, 0.0, 0.0, 0.0, 0.0, 0.0], "other_operating_expenses": [0.0, 0.0, 0.0, 0.0, 0.0, 0.0, 0.0, 0.0, 22627.0, 0.0, 0.0, 97376.0, 420.0, 40921.0, 7301.0, 12612.0, 137676.0, 49729.0, 76537.0, 59.937, 26.331], "interest_income_non_operating": [0.0, 1100.0, 4189.0, 2780.0, 1823.0, 1265.0, 989.0, 556.0, 369.0, 403.0, 1820.0, 1458.0, 1426.0, 4840.0, 43521.0, 38201.0, 17369.0, 0.0, 0.0, 0.0, 0.0], "interest_expense_non_operating": [22200.0, 18400.0, 18121.0, 20920.0, 17732.0, 12081.0, 8429.0, 5322.0, 6154.0, 5032.0, 4347.0, 6546.0, 1972.0, 929.0, 30774.0, 0.0, 0.0, 0.0, 0.0, 0.0, 0.0], "total_other_finance_cost": [27500.0, 26000.0, 1342.0, 376.0, -1045.0, 101.0, 1118.0, -4321.0, -12896.0, -692.0, -8397.0, -1409.0, -5296.0, -929.0, 321.0, 20154.0, 26479.0, 11672.0, 12082.0, 0.0, 0.0], "net_income": [82900.0, 103100.0, -125624.0, 99985.0, 139452.0, 107813.0, 93408.0, 87011.0, -65525.0, 64831.0, 37321.0, -52120.0, -43672.0, 68848.0, 109844.0, 40558.0, 11932.0, 20022.0, -9023.0, 4.854, 7.953], "otherunder_preferred_stock_dividend": [0.0, 0.0, 0.0, 0.0, 0.0, 0.0, 0.0, 0.0, 0.0, 0.0, 0.0, 0.0, 0.0, 0.0, 0.0, 0.0, 0.0, 0.0, 0.0, 0.0, 0.0]}, "currency": "EUR"}